@book{pruvodce2017,
  title     = {Průvodce labyrintem algoritmů},
  author    = {Martin Mareš a Tomáš Valla},
  year      = {2017},
  publisher = {CZ.NIC},
  address   = {Praha},
  isbn      = {78-80-88168-22-5},
  url       = {https://knihy.nic.cz/files/edice/pruvodce_labyrintem_algoritmu.pdf}
}

@BOOK{FITPUB8538,
   author = "Alexander Meduna",
   title = "Elements of Compiler Design",
   pages = 304,
   series = "Taylor and Francis",
   year = 2008,
   location = "New York, US",
   publisher = "Taylor \& Francis Informa plc",
   ISBN = "978-1-4200-6323-3",
   language = "english",
   url = "https://www.fit.vut.cz/research/publication/8538"
}